% Encoding: UTF-8

@incollection{gangoodfellow,
title = {Generative Adversarial Nets},
author = {Goodfellow, Ian and Pouget-Abadie, Jean and Mirza, Mehdi and Xu, Bing and Warde-Farley, David and Ozair, Sherjil and Courville, Aaron and Bengio, Yoshua},
booktitle = {Advances in Neural Information Processing Systems 27},
editor = {Z. Ghahramani and M. Welling and C. Cortes and N. D. Lawrence and K. Q. Weinberger},
pages = {2672--2680},
year = {2014},
publisher = {Curran Associates, Inc.},
url = {http://papers.nips.cc/paper/5423-generative-adversarial-nets.pdf}
}

@article{kingma2013auto,
  title={Auto-encoding variational bayes},
  author={Kingma, Diederik P and Welling, Max},
  journal={arXiv preprint arXiv:1312.6114},
  year={2013}
}

@article{hinton2006reducing,
  title={Reducing the dimensionality of data with neural networks},
  author={Hinton, Geoffrey E and Salakhutdinov, Ruslan R},
  journal={science},
  volume={313},
  number={5786},
  pages={504--507},
  year={2006},
  publisher={American Association for the Advancement of Science}
}

@article{doersch2016tutorial,
  title={Tutorial on variational autoencoders},
  author={Doersch, Carl},
  journal={arXiv preprint arXiv:1606.05908},
  year={2016}
}


@inproceedings{adverserialautoencoders,
title = {Adversarial Autoencoders},
author  = {Alireza Makhzani and Jonathon Shlens and Navdeep Jaitly and Ian Goodfellow},
year  = {2016},
URL = {http://arxiv.org/abs/1511.05644},
booktitle = {International Conference on Learning Representations}
}

@article{fu2010age,
  title={Age synthesis and estimation via faces: A survey},
  author={Fu, Yun and Guo, Guodong and Huang, Thomas S},
  journal={IEEE transactions on pattern analysis and machine intelligence},
  volume={32},
  number={11},
  pages={1955--1976},
  year={2010},
  publisher={IEEE}
}

@article{cootes1995active,
  title={Active shape models-their training and application},
  author={Cootes, Timothy F and Taylor, Christopher J and Cooper, David H and Graham, Jim},
  journal={Computer vision and image understanding},
  volume={61},
  number={1},
  pages={38--59},
  year={1995},
  publisher={Elsevier}
}

@article{fu2004photorealistic,
  title={Photorealistic face rendering based on a fusion model of linear and Lambertian object class},
  author={Fu, Yun},
  journal={Master's thesis, AI\&R, Xi'an Jiaotong Univ},
  year={2004}
}


@article{liu2004image,
  title={Image-based surface detail transfer},
  author={Liu, Zicheng and Zhang, Zhengyou and Shan, Ying},
  journal={IEEE Computer Graphics and Applications},
  volume={24},
  number={3},
  pages={30--35},
  year={2004},
  publisher={IEEE}
}

@article{fu2006m,
  title={M-face: An appearance-based photorealistic model for multiple facial attributes rendering},
  author={Fu, Yun and Zheng, Nanning},
  journal={IEEE Transactions on Circuits and Systems for Video technology},
  volume={16},
  number={7},
  pages={830--842},
  year={2006},
  publisher={IEEE}
}

@article{cootes2001active,
  title={Active appearance models},
  author={Cootes, Timothy F and Edwards, Gareth J and Taylor, Christopher J},
  journal={IEEE Transactions on Pattern Analysis \& Machine Intelligence},
  number={6},
  pages={681--685},
  year={2001},
  publisher={IEEE}
}


@inproceedings{antipov2017face,
  title={Face aging with conditional generative adversarial networks},
  author={Antipov, Grigory and Baccouche, Moez and Dugelay, Jean-Luc},
  booktitle={Image Processing (ICIP), 2017 IEEE International Conference on},
  pages={2089--2093},
  year={2017},
  organization={IEEE}
}

@article{radford2015unsupervised,
  title={Unsupervised representation learning with deep convolutional generative adversarial networks},
  author={Radford, Alec and Metz, Luke and Chintala, Soumith},
  journal={arXiv preprint arXiv:1511.06434},
  year={2015}
}

@inproceedings{arjovsky2017wasserstein,
  title={Wasserstein generative adversarial networks},
  author={Arjovsky, Martin and Chintala, Soumith and Bottou, L{\'e}on},
  booktitle={International Conference on Machine Learning},
  pages={214--223},
  year={2017}
}


@article{srivastava2014dropout,
  title={Dropout: a simple way to prevent neural networks from overfitting},
  author={Srivastava, Nitish and Hinton, Geoffrey and Krizhevsky, Alex and Sutskever, Ilya and Salakhutdinov, Ruslan},
  journal={The Journal of Machine Learning Research},
  volume={15},
  number={1},
  pages={1929--1958},
  year={2014},
  publisher={JMLR. org}
}

@article{jaiswal2017bidirectional,
  title={Bidirectional Conditional Generative Adversarial Networks},
  author={Jaiswal, Ayush and AbdAlmageed, Wael and Wu, Yue and Natarajan, Premkumar},
  journal={arXiv preprint arXiv:1711.07461},
  year={2017}
}

@article{donahue2016adversarial,
  title={Adversarial feature learning},
  author={Donahue, Jeff and Kr{\"a}henb{\"u}hl, Philipp and Darrell, Trevor},
  journal={arXiv preprint arXiv:1605.09782},
  year={2016}
}

@article{mirza2014conditional,
  title={Conditional generative adversarial nets},
  author={Mirza, Mehdi and Osindero, Simon},
  journal={arXiv preprint arXiv:1411.1784},
  year={2014}
}


@inproceedings{ricanek2006morph,
  title={Morph: A longitudinal image database of normal adult age-progression},
  author={Ricanek, Karl and Tesafaye, Tamirat},
  booktitle={Automatic Face and Gesture Recognition, 2006. FGR 2006. 7th International Conference on},
  pages={341--345},
  year={2006},
  organization={IEEE}
}

@article{iandola2016squeezenet,
  title={Squeezenet: Alexnet-level accuracy with 50x fewer parameters and< 0.5 mb model size},
  author={Iandola, Forrest N and Han, Song and Moskewicz, Matthew W and Ashraf, Khalid and Dally, William J and Keutzer, Kurt},
  journal={arXiv preprint arXiv:1602.07360},
  year={2016}
}

@inproceedings{parkhi2015deep,
  title={Deep face recognition.},
  author={Parkhi, Omkar M and Vedaldi, Andrea and Zisserman, Andrew and others},
  booktitle={BMVC},
  volume={1},
  number={3},
  pages={6},
  year={2015}
}


@inproceedings{szegedy2016rethinking,
  title={Rethinking the inception architecture for computer vision},
  author={Szegedy, Christian and Vanhoucke, Vincent and Ioffe, Sergey and Shlens, Jon and Wojna, Zbigniew},
  booktitle={Proceedings of the IEEE conference on computer vision and pattern recognition},
  pages={2818--2826},
  year={2016}
}

@article{simonyan2014very,
  title={Very deep convolutional networks for large-scale image recognition},
  author={Simonyan, Karen and Zisserman, Andrew},
  journal={arXiv preprint arXiv:1409.1556},
  year={2014}
}

@article{grm2017strengths,
  title={Strengths and weaknesses of deep learning models for face recognition against image degradations},
  author={Grm, Klemen and {\v{S}}truc, Vitomir and Artiges, Anais and Caron, Matthieu and Ekenel, Haz{\i}m K},
  journal={IET Biometrics},
  volume={7},
  number={1},
  pages={81--89},
  year={2017},
  publisher={IET}
}

@article{Rothe-IJCV-2016,
  author = {Rasmus Rothe and Radu Timofte and Luc Van Gool},
  title = {Deep expectation of real and apparent age from a single image without facial landmarks},
  journal = {International Journal of Computer Vision (IJCV)},
  year = {2016},
  month = {July},
}


@inproceedings{hou2017deep,
  title={Deep Feature Consistent Variational Autoencoder},
  author={Hou, Xianxu and Shen, Linlin and Sun, Ke and Qiu, Guoping},
  booktitle={2017 IEEE Winter Conference on Applications of Computer Vision (WACV)},
  pages={1133--1141},
  year={2017},
  organization={IEEE}
}

@article{russakovsky2015imagenet,
  title={Imagenet large scale visual recognition challenge},
  author={Russakovsky, Olga and Deng, Jia and Su, Hao and Krause, Jonathan and Satheesh, Sanjeev and Ma, Sean and Huang, Zhiheng and Karpathy, Andrej and Khosla, Aditya and Bernstein, Michael and others},
  journal={International Journal of Computer Vision},
  volume={115},
  number={3},
  pages={211--252},
  year={2015},
  publisher={Springer}
}
@Comment{jabref-meta: databaseType:bibtex;}

% vim: set tw=0:
